@misc{Weinberg2021,
  author       = {Closer To Truth},
  title        = {Steven Weinberg - What is a Theory of Everything? (Part 1/2)},
  year         = {2021},
  howpublished = {\url{https://www.youtube.com/watch?v=n2mB1obtx3M}},
  note         = {Accessed: 2024-11-26}
}
@article{
doi:10.1126/science.177.4047.393,
author = {P. W. Anderson },
title = {More Is Different},
journal = {Science},
volume = {177},
number = {4047},
pages = {393-396},
year = {1972},
doi = {10.1126/science.177.4047.393},
URL = {https://www.science.org/doi/abs/10.1126/science.177.4047.393},
eprint = {https://www.science.org/doi/pdf/10.1126/science.177.4047.393}}
@misc{Weinberg2021Part2,
  author       = {Closer To Truth},
  title        = {Steven Weinberg - What is the Theory of Everything? (Part 2/2)},
  year         = {2021},
  howpublished = {\url{https://www.youtube.com/watch?v=U7Y1EPolcSU}},
  note         = {Accessed: 2024-11-26}
}
@misc{WikipediaReductionism,
  author       = {Wikipedia contributors},
  title        = {Reductionism --- {Wikipedia, The Free Encyclopedia}},
  year         = {2024},
  howpublished = {\url{https://en.wikipedia.org/wiki/Reductionism}},
  note         = {Accessed: 2024-11-26}
}
@misc{WikipediaHolism,
  author       = {Wikipedia contributors},
  title        = {Holism --- {Wikipedia, The Free Encyclopedia}},
  year         = {2024},
  howpublished = {\url{https://en.wikipedia.org/wiki/Holism}},
  note         = {Accessed: 2024-11-26}
}
